@misc{Officialpython,
        Author = {Python Software Foundation},
        Howpublished = 
{{https://www.python.org/doc/essays/comparisons/}},
        Keywords = {Python_Comparisons},
        Note = {24 de Fevereiro, 2015},
        Title = {Comparacoes do Site Oficial do Python},
        Url = {{https://www.python.org/doc/essays/comparisons/}},
        Urlacessdate = {24 Fev., 2015},
        }
        
@misc{Udemypython,
        Author = {Kasia Mikoluk},
        Howpublished = 
{{https://blog.udemy.com/python-vs-java/}},
        Keywords = {Python_Comparisons},
        Note = {9 de Agosto, 2013},
        Title = {Comparacoes de Udemy Blog},
        Url = {{https://www.python.org/doc/essays/comparisons/}},
        Urlacessdate = {24 Fev., 2015},
        }
        
@misc{Tiobe,
        Author = {Tiobe Software BV},
        Howpublished = 
{{http://www.tiobe.com/index.php/content/paperinfo/tpci/index.html}},
        Keywords = {Tiobe_Ranking},
        Note = {1 de Fevereiro, 2015},
        Title = {Ranking de uso mundial de linguagens de programacao},
        Url = {{http://www.tiobe.com/index.php/content/paperinfo/tpci/index.html}},
        Urlacessdate = {25 Fev., 2015},
        }
@misc{Pythonlearning,
        Author = {Philip Guo},
        Howpublished = 
{{http://cacm.acm.org/blogs/blog-cacm/176450-python-is-now-the-most-popular-introductory-teaching-language-at-top-us-universities/fulltext}},
        Keywords = {Python_nas_universidades_americanas},
        Note = {7 de Julho, 2014},
        Title = {Uso de Python nas Universidades Americanas},
        Url = {{http://cacm.acm.org/blogs/blog-cacm/176450-python-is-now-the-most-popular-introductory-teaching-language-at-top-us-universities/fulltext}},
        Urlacessdate = {24 Fev., 2015},
        }
@misc{Guiaodoze,
        Author = {Joao Paulo Barraca and Diogo Gomes and Joao Manuel Rodrigues and Mario Antunes},
        Keywords = {Tema12},
        Note = {2014/2015},
        Title = {Laboratórios de Informática 2014/2015 - Tema 12 - Programacao em Python},
        Urlacessdate = {Fev., 2015},
        }
@misc{Python,
        Author = {Wikipedia},
        Keywords = {Python_apresentacao},
        Howpublished = 
{{http://en.wikipedia.org}},
        Note = {27 de Fevereiro, 2015},
        Title = {Apresentacao de Python},
        Url = {{http://en.wikipedia.org/wiki/Python_(programming_language)}},
        Urlacessdate = {28 Fev., 2015},
        }
        
@misc{Java,
        Author = {Wikipedia},
        Keywords = {Java_apresentacao},
        Howpublished = 
{{http://en.wikipedia.org}},
        Note = {28 de Fevereiro, 2015},
        Title = {Apresentacao de Java},
        Url = {{http://en.wikipedia.org/wiki/Java_%28programming_language%29#Principles}},
        Urlacessdate = {28 Fev., 2015},
        }