@misc{HTML,
        Author = {Wikipédia},
        Howpublished =
{{http://pt.wikipedia.org/wiki/HTML}},
        Keywords = {HTML},
        Note = {12 de Novembro, 2014},
        Title = {HTML},
        Url = {{http://pt.wikipedia.org/wiki/HTML}},
        Urlacessdate = {15 Nov., 2014},
        }
        
@misc{CERN,
        Author = {Wikipédia},
        Howpublished =
{{http://en.wikipedia.org/wiki/CERN}},
        Keywords = {CERN},
        Note = {06 de Novembro, 2014},
        Title = {CERN},
        Url = {{http://en.wikipedia.org/wiki/CERN}},
        Urlacessdate = {15 Nov., 2014},
        }
        
@misc{markup,
        Author = {Wikipédia},
        Howpublished =
{{http://en.wikipedia.org/wiki/Markup\_language}},
        Keywords = {markup},
        Note = {06 de Novembro, 2014},
        Title = {Markup\_Language},
        Url = {{http://en.wikipedia.org/wiki/Markup_language}},
        Urlacessdate = {15 Nov., 2014},
        }
        
@misc{SGML,
        Author = {Wikipédia},
        Howpublished =
{{http://pt.wikipedia.org/wiki/SGML}},
        Keywords = {sgml},
        Note = {29 de Setembro, 2014},
        Title = {SGML},
        Url = {{http://pt.wikipedia.org/wiki/SGML}},
        Urlacessdate = {15 Nov., 2014},
        }
        
@misc{HyTime,
        Author = {Wikipédia},
        Howpublished =
{{http://pt.wikipedia.org/wiki/HyTime}},
        Keywords = {HyTime},
        Note = {22 de Outubro, 2014},
        Title = {HyTime},
        Url = {{http://pt.wikipedia.org/wiki/HyTime}},
        Urlacessdate = {15 Nov., 2014},
        }
        
@misc{Internetus,
        Author = {Wikipédia},
        Howpublished =
{{http://en.wikipedia.org/wiki/Global\_Internet\_usage}},
        Keywords = {Internet},
        Note = {3 de Setembro, 2014},
        Title = {InternetUsage},
        Url = {{http://en.wikipedia.org/wiki/Global_Internet_usage}},
        Urlacessdate = {15 Nov., 2014},
        }
        
@misc{Javascript,
        Author = {Wikipédia},
        Howpublished =
{{http://pt.wikipedia.org/wiki/JavaScript}},
        Keywords = {Javascript},
        Note = {7 de Novembro, 2014},
        Title = {Javascript},
        Url = {{http://pt.wikipedia.org/wiki/JavaScript}},
        Urlacessdate = {15 Nov., 2014},
        }
        
@misc{Css,
        Author = {Wikipédia},
        Howpublished =
{{http://pt.wikipedia.org/wiki/Cascading\_Style\_Sheets}},
        Keywords = {Css},
        Note = {18 de Agosto, 2014},
        Title = {Css},
        Url = {{http://pt.wikipedia.org/wiki/Cascading_Style_Sheets}},
        Urlacessdate = {15 Nov., 2014},
        }
        
@misc{w3c,
        Author = {Wikipédia},
        Howpublished =
{{http://pt.wikipedia.org/wiki/W3C}},
        Keywords = {w3c},
        Note = {14 de Junho, 2014},
        Title = {W3C},
        Url = {{http://pt.wikipedia.org/wiki/W3C}},
        Urlacessdate = {15 Nov., 2014},
        }
        
@misc{xhtml,
        Author = {Wikipédia},
        Howpublished =
{{http://en.wikipedia.org/wiki/XHTML}},
        Keywords = {xhtml},
        Note = {23 de Outubro, 2014},
        Title = {XHTML},
        Url = {{http://en.wikipedia.org/wiki/XHTML}},
        Urlacessdate = {15 Nov., 2014},
        }
        
@misc{Tag,
        Author = {Wikipédia},
        Howpublished =
{{http://pt.wikipedia.org/wiki/Tag\_(linguagens\_de\_marca%C3%A7%C3%A3o)}},
        Keywords = {Tag},
        Note = {30 de Outubro, 2014},
        Title = {Tag},
        Url = {{http://pt.wikipedia.org/wiki/Tag\_(linguagens\_de\_marca%C3%A7%C3%A3o)}},
        Urlacessdate = {16 Nov., 2014},
        }
        
@misc{CreativeCommons,
        Author = {Wikipédia},
        Howpublished =
{{http://pt.wikipedia.org/wiki/Licen%C3%A7as\_Creative\_Commons}},
        Keywords = {tags},
        Note = {11 de Fevereiro, 2014},
        Title = {CreativeCommons},
        Url = {{http://pt.wikipedia.org/wiki/Licen%C3%A7as\_Creative\_Commons)}},
        Urlacessdate = {16 Nov., 2014},
        }
        
@misc{W3Schools,
        Author = {W3Schools},
        Howpublished =
{{http://www.w3schools.com/}},
        Keywords = {w3c},
        Note = {2014},
        Title = {W3Schools},
        Url = {{http://www.w3schools.com/)}},
        Urlacessdate = {20 Nov., 2014},
        }
        