@misc{Linux,
        Author = {Wikipédia},
        Howpublished =
{{http://pt.wikipedia.org/wiki/Linux}},
        Keywords = {Linux},
        Note = {18 de Outubro, 2014},
        Title = {Linux},
        Url = {{http://pt.wikipedia.org/wiki/Linux}},
        Urlacessdate = {18 out., 2014},
        }
        
@misc{Ambientesgraficos,
        Author = {Wikipédia},
        Howpublished =
{http://pt.wikipedia.org/wiki/Interface_gr%C3%A1fica\_do\_utilizadorx},
        Keywords = {Interface gráfica},
        Note = {18 de Outubro, 2014},
        Title = {Interface Gráfica},
        Url = {{http://pt.wikipedia.org/wiki/Interface\_gr%C3%A1fica\_do\_utilizadorx}},
        Urlacessdate = {18 out., 2014},
        }
@misc{KDE,
        Author = {Wikipédia},
        Howpublished =
{{http://en.wikipedia.org/wiki/KDE}},
        Keywords = {KDE},
        Note = {18 de Outubro, 2014},
        Title = {KDE},
        Url = {{http://en.wikipedia.org/wiki/KDE}},
        Urlacessdate = {18 out., 2014},
        }
@misc{InterfaceKDE,
        Author = {Wikibooks},
        Howpublished =
{{http://pt.wikibooks.org/wiki/Linux\_para\_iniciantes/A\_interface\_gr%C3%A1fica_KDE}},
        Keywords = {Interface KDE},
        Note = {30 de Março, 2014},
        Title = {Interface KDE},
        Url = {{http://pt.wikibooks.org/wiki/Linux\_para\_iniciantes/A\_interface\_gr%C3%A1fica\_KDE}},
        Urlacessdate = {18 out., 2014},
        }
@misc{AplicacoesKDE,
        Author = {Userbase KDE},
        Howpublished =
{{https://userbase.kde.org/Applications/pt}},
        Keywords = {Aplicações KDE},
        Note = {29 de Junho, 2011},
        Title = {Userbase KDE},
        Url = {{https://userbase.kde.org/Applications/pt}},
        Urlacessdate = {18 out., 2014},
        }
@misc{Unity,
        Author = {Wikipédia},
        Howpublished =
{{http://en.wikipedia.org/wiki/Unity\_(user\_interface)}},
        Keywords = {Unity},
        Note = {17 de Outubro, 2014},
        Title = {Unity},
        Url = {{http://en.wikipedia.org/wiki/Unity\_(user\_interface)}},
        Urlacessdate = {18 out., 2014},
        }
@misc{ApreciacaoUnity,
        Author = {STAHIE, Silvu},
        Howpublished =
{{http://news.softpedia.com/news/Why-I-Think-Unity-Is-the-Best-Desktop-Environment-for-Productivity-462151.shtml}},
        Keywords = {Unity},
        Note = {15 de Outubro, 2014},
        Title = {Apreciação Unity},
        Url = {{http://news.softpedia.com/news/Why-I-Think-Unity-Is-the-Best-Desktop-Environment-for-Productivity-462151.shtml}},
        Urlacessdate = {18 out., 2014},
        }
@misc{AplicacoesUbuntu,
        Author = {SNEDDON, Joey-Elijah },
        Howpublished =
{{http://www.omgubuntu.co.uk/2013/12/top-10-linux-apps-of-2013}},
        Keywords = {Unity},
        Note = {10 de Dezembro, 2010},
        Title = {Aplicações Ubuntu},
        Url = {{http://www.omgubuntu.co.uk/2013/12/top-10-linux-apps-of-2013}},
        Urlacessdate = {18 out., 2014},
        }
@misc{LXDE,
        Author = {Wikipédia },
        Howpublished =
{{http://en.wikipedia.org/wiki/LXDE}},
        Keywords = {LXDE},
        Note = {30 de Setembro, 2014},
        Title = {LXDE},
        Url = {{http://en.wikipedia.org/wiki/LXDE}},
        Urlacessdate = {18 out., 2014},
        }
@misc{AplicacoesLXDE,
        Author = {Comunidade LXDE},
        Howpublished =
{{http://lxde.org/lxde}},
        Keywords = {LXDE},
        Note = {18 de Outubro, 2014},
        Title = {Aplicações LXDE},
        Url = {{http://lxde.org/lxde}},
        Urlacessdate = {18 out., 2014},
        }
@misc{E17,
        Author = {Wikipédia},
        Howpublished =
{{http://en.wikipedia.org/wiki/Enlightenment\_(software)e}},
        Keywords = {E17},
        Note = {9 de Setembro, 2014},
        Title = {E17},
        Url = {{http://en.wikipedia.org/wiki/Enlightenment\_(software)}},
        Urlacessdate = {18 out., 2014},
        }
@misc{CriticasE17,
        Author = {GERMAIN, Jack M.},
        Howpublished = {{http://www.linuxinsider.com/story/80456.html}},
        Keywords = {E17},
        Note = {18 de Outubro, 2014},
        Title = {Críticas E17},
        Url = {{http://www.linuxinsider.com/story/80456.html}},
        Urlacessdate = {18 out., 2014},
        }
@misc{XFCE4,
        Author = {Wikipédia},
        Howpublished =
{{http://en.wikipedia.org/wiki/Xfce}},
        Keywords = {XFCE4},
        Note = {17 de Outubro, 2014},
        Title = {XFCE},
        Url = {{http://en.wikipedia.org/wiki/Xfce}},
        Urlacessdate = {18 out., 2014},
        }
@misc{AplicacoesXFCE4,
        Author = {"Chris7mas"},
        Howpublished =
{{http://www.linux.com/news/software/applications/41257-top-7-xfce-applications}},
        Keywords = {XFCE4},
        Note = {31 de Agosto, 2009},
        Title = {Aplicações XFCE4 },
        Url = {{http://www.linux.com/news/software/applications/41257-top-7-xfce-applications}},
        Urlacessdate = {18 out., 2014},
        }
@misc{Xmonad,
        Author = {Wikipédia},
        Howpublished =
{{http://en.wikipedia.org/wiki/Xmonad}},
        Keywords = {Xmonad},
        Note = {25 de Julho, 2014},
        Title = {Xmonad},
        Url = {{http://en.wikipedia.org/wiki/Xmonad}},
        Urlacessdate = {18 out., 2014},
        }
@misc{Awesome,
        Author = {Wikipédia},
        Howpublished =
{{http://en.wikipedia.org/wiki/Awesome\_(window\_manager)}},
        Keywords = {Awesome},
        Note = {5 de Junho, 2014},
        Title = {Awesome},
        Url = {{http://en.wikipedia.org/wiki/Awesome\_(window\_manager)}},
        Urlacessdate = {18 out., 2014},
        }
@misc{dolphin,
        Author = {Wikipédia},
        Howpublished =
{{https://pt.wikipedia.org/wiki/Konqueror}},
        Keywords = {KDE},
        Note = {15 de Novembro, 2013},
        Title = {Dolphin File Manager},
        Url = {{https://pt.wikipedia.org/wiki/Konqueror}},
        Urlacessdate = {18 out., 2014},
        }
@misc{AppsKDE,
        Author = {Wikipédia},
        Howpublished =
{{http://en.wikipedia.org/wiki/List\_of\_KDE\_applications}},
        Keywords = {KDE},
        Note = {17 de Agosto, 2014},
        Title = {AplicaçõesKDE},
        Url = {{http://en.wikipedia.org/wiki/List\_of\_KDE\_applications}},
        Urlacessdate = {18 out., 2014},
        }
@misc{Memoriavirt,
        Author = {Nikesh Jauhari},
        Howpublished =
{{http://linuxpoison.blogspot.pt/2009/10/what-is-difference-among-virt-res-and.html}},
        Keywords = {KDE},
        Note = {19 de Outubro, 2014},
        Title = {Memória virtual e física},
        Url = {{http://linuxpoison.blogspot.pt/2009/10/what-is-difference-among-virt-res-and.html}},
        Urlacessdate = {19 out., 2014},
        }
